<?xml version="1.0" encoding="UTF-8"?><collection xmlns="http://www.loc.gov/MARC21/slim"><record><leader>00530nam--2200181-i-4500</leader><controlfield tag="001">000012648</controlfield><controlfield tag="002">20161230</controlfield><controlfield tag="005">20161230201029</controlfield><controlfield tag="008">060222s1000------------r-----000-0-fre-d</controlfield><datafield ind1=" " ind2=" " tag="040"><subfield code="a">IFIN-HH</subfield></datafield><datafield ind1=" " ind2=" " tag="041"><subfield code="a">fre</subfield></datafield><datafield ind1=" " ind2=" " tag="080"><subfield code="a">539.219.3(043)</subfield></datafield><datafield ind1="1" ind2=" " tag="100"><subfield code="a">Charissoux,Christian</subfield></datafield><datafield ind1="1" ind2="0" tag="245"><subfield code="a">Heterodiffusioin a dilution infinite dans les phases cubiques du plutonium</subfield><subfield code="b">These</subfield><subfield code="c">Christian charissoux</subfield></datafield><datafield ind1=" " ind2=" " tag="260"><subfield code="a">Orsay</subfield><subfield code="b">Universite De Paris-sud</subfield><subfield code="c">1975</subfield></datafield><datafield ind1=" " ind2=" " tag="300"><subfield code="a">59P.+ 26 FIG</subfield></datafield><datafield ind1=" " ind2=" " tag="852"><subfield code="a">45987</subfield><subfield code="c">539.2</subfield></datafield><datafield ind1=" " ind2=" " tag="CAT"><subfield code="a">Sys</subfield><subfield code="c">20121026</subfield><subfield code="h">144626</subfield></datafield></record></collection>